<?xml version="1.0" encoding="UTF-8"?><collection xmlns="http://www.loc.gov/MARC21/slim"><record><leader>00329nam--2200121-i-4500</leader><controlfield tag="001">000013898</controlfield><controlfield tag="002">20161230</controlfield><controlfield tag="005">20161230201030</controlfield><controlfield tag="008">060222s1000------------r-----000-0-eng-d</controlfield><datafield ind1=" " ind2=" " tag="080"><subfield code="a">550.3(061.3)</subfield></datafield><datafield ind1=" " ind2=" " tag="245"><subfield code="a">Comptes rendus-annee 1970</subfield></datafield><datafield ind1=" " ind2=" " tag="260"><subfield code="a">Paris, Comite National Francais De Geodesie Et Geophysique, 1971. 27 P</subfield></datafield><datafield ind1=" " ind2=" " tag="852"><subfield code="a">48093</subfield></datafield></record></collection>